
@INPROCEEDINGS{Kempe03gossip-basedcomputation,
    author = {David Kempe and Alin Dobra and Johannes Gehrke},
    title = {Gossip-Based Computation of Aggregate Information},
    booktitle = {},
    year = {2003},
    pages = {482--491},
    publisher = {IEEE Computer Society}
}

@MISC{Hensel_gadgetsvm,
    author = {Chase Hensel and Haimonti Dutta},
    title = {GADGET SVM: a Gossip-bAseD sub-GradiEnT SVM solver},
    year = {}
}

@TechReport{Shah,
  author = 	 "Devavrat Shah",
  title = 	 "Gossip Algorithms",
  institution =  "Massachusetts Institute of Technology",
  year = 	 "2009",
  address =	 "Cambridge, MA"
}

@ARTICLE{Boyd03fastestmixing,
    author = {Stephen Boyd and Persi Diaconis and Lin Xiao},
    title = {Fastest Mixing Markov Chain on A Graph},
    journal = {SIAM REVIEW},
    year = {2003},
    volume = {46},
    pages = {667--689}
}

@INPROCEEDINGS{Voulgaris03arobust,
    author = {Spyros Voulgaris and Márk Jelasity and Maarten Van Steen},
    title = {A Robust and Scalable Peer-to-Peer Gossiping Protocol},
    booktitle = {In 2nd Int’l Workshop Agents and Peer-toPeer Computing, LNCS 2872},
    year = {2003},
    pages = {47--58},
    publisher = {Springer}
}

@article{diaconis1991geometric,
  title={Geometric bounds for eigenvalues of Markov chains},
  author={Diaconis, Persi and Stroock, Daniel},
  journal={The Annals of Applied Probability},
  volume={1},
  number={1},
  pages={36--61},
  year={1991},
  publisher={Institute of Mathematical Statistics}
}

@article{kempe2008decentralized,
  title={A decentralized algorithm for spectral analysis},
  author={Kempe, David and McSherry, Frank},
  journal={Journal of Computer and System Sciences},
  volume={74},
  number={1},
  pages={70--83},
  year={2008},
  publisher={Elsevier}
}

@article{saloff2010merging,
  title={Merging and stability for time inhomogeneous finite Markov chains},
  author={Saloff-Coste, Laurent and Zuniga, Jessica},
  journal={arXiv preprint arXiv:1004.2296},
  year={2010}
}

@article{douc2004quantitative,
  title={Quantitative bounds on convergence of time-inhomogeneous Markov chains},
  author={Douc, Randal and Moulines, E and Rosenthal, Jeffrey S},
  journal={The Annals of Applied Probability},
  volume={14},
  number={4},
  pages={1643--1665},
  year={2004},
  publisher={Institute of Mathematical Statistics}
}

@article{saloff2007convergence,
  title={Convergence of some time inhomogeneous Markov chains via spectral techniques},
  author={Saloff-Coste, L and Z{\'u}{\~n}iga, J},
  journal={Stochastic processes and their applications},
  volume={117},
  number={8},
  pages={961--979},
  year={2007},
  publisher={Elsevier}
}

@article{saloff2009merging,
  title={Merging for time inhomogeneous finite Markov chains, Part I: singular values and stability},
  author={Saloff-Coste, Laurent and Z{\'u}{\~n}iga, J},
  journal={Electronic Journal of Probability},
  volume={14},
  pages={1456--1494},
  year={2009}
}

@article{saloff2010time,
  title={Time inhomogeneous Markov chains with wave-like behavior},
  author={Saloff-Coste, Laurent and Z{\'u}{\~n}iga, J},
  journal={The Annals of Applied Probability},
  volume={20},
  number={5},
  pages={1831--1853},
  year={2010},
  publisher={Institute of Mathematical Statistics}
}

@inproceedings{p2p09-peersim,
	Author = {Alberto Montresor and M\'{a}rk Jelasity},
	Title = {{PeerSim}: A Scalable {P2P} Simulator},
	Booktitle = {Proc. of the 9th Int. Conference on Peer-to-Peer (P2P'09)},
	Year = {2009},
	Month = sep,
	Pages = {99-100},
	Address = {Seattle, WA},
}

@article{rajagopalan2011distributed,
  title={Distributed averaging in dynamic networks},
  author={Rajagopalan, Shreevatsa and Shah, Devavrat},
  journal={Selected Topics in Signal Processing, IEEE Journal of},
  volume={5},
  number={4},
  pages={845--854},
  year={2011},
  publisher={IEEE}
}

@article{shah2011rumors,
  title={Rumors in a Network: Who's the Culprit?},
  author={Shah, Devavrat and Zaman, Tauhid},
  journal={Information Theory, IEEE Transactions on},
  volume={57},
  number={8},
  pages={5163--5181},
  year={2011},
  publisher={IEEE}
}

@article{lovasz1993random,
  title={Random walks on graphs: A survey},
  author={Lov{\'a}sz, L{\'a}szl{\'o}},
  journal={Combinatorics, Paul erdos is eighty},
  volume={2},
  number={1},
  pages={1--46},
  year={1993}
}

@article{cortes1995support,
  title={Support vector machine},
  author={Cortes, Corinna and Vapnik, Vladimir},
  journal={Machine learning},
  volume={20},
  number={3},
  pages={273--297},
  year={1995}
}

@inproceedings{kokiopoulou2006distributed,
  title={Distributed SVM applied to image classification},
  author={Kokiopoulou, Effrosini and Frossard, Pascal},
  booktitle={Multimedia and Expo, 2006 IEEE International Conference on},
  pages={1753--1756},
  year={2006},
  organization={IEEE}
}

@article{lu2008distributed,
  title={Distributed parallel support vector machines in strongly connected networks},
  author={Lu, Yumao and Roychowdhury, Vwani and Vandenberghe, Lieven},
  journal={Neural Networks, IEEE Transactions on},
  volume={19},
  number={7},
  pages={1167--1178},
  year={2008},
  publisher={IEEE}
}

@inproceedings{aldous1983random,
  title={Random walks on finite groups and rapidly mixing Markov chains},
  author={Aldous, David},
  booktitle={Seminar on probability, XVII},
  volume={986},
  pages={243--297},
  year={1983},
  organization={Springer}
}

@article{diaconis1988group,
  title={Group representations in probability and statistics},
  author={Diaconis, Persi},
  journal={Lecture Notes-Monograph Series},
  volume={11},
  pages={i--192},
  year={1988},
  publisher={JSTOR}
}

@article{jerrum1989approximating,
  title={Approximating the permanent},
  author={Jerrum, Mark and Sinclair, Alistair},
  journal={SIAM journal on computing},
  volume={18},
  number={6},
  pages={1149--1178},
  year={1989},
  publisher={SIAM}
}

@book{sinclair1992improved,
  title={Improved bounds for mixing rates of Markov chains and multicommodity flow},
  author={Sinclair, Alistair},
  year={1992},
  publisher={Springer}
}

@article{kahale1997semidefinite,
  title={A semidefinite bound for mixing rates of Markov chains},
  author={Kahale, Nabil},
  journal={Random Structures \& Algorithms},
  volume={11},
  number={4},
  pages={299--313},
  year={1997},
  publisher={Wiley Online Library}
}

@incollection{biswas2006distributed,
  title={A distributed method for solving semidefinite programs arising from ad hoc wireless sensor network localization},
  author={Biswas, Pratik and Ye, Yinyu},
  booktitle={Multiscale optimization methods and applications},
  pages={69--84},
  year={2006},
  publisher={Springer}
}